<?xml version="1.0" encoding="UTF-8"?><collection xmlns="http://www.loc.gov/MARC21/slim"><record><leader>00477nam--2200181-u-4500</leader><controlfield tag="001">000052439</controlfield><controlfield tag="002">20161230</controlfield><controlfield tag="005">20161230201050</controlfield><controlfield tag="008">100709s1000------------r-----000-0-fre-d</controlfield><datafield ind1=" " ind2=" " tag="040"><subfield code="a">IFIN-HH</subfield></datafield><datafield ind1=" " ind2=" " tag="041"><subfield code="a">fre</subfield></datafield><datafield ind1=" " ind2=" " tag="080"><subfield code="a">53.083</subfield></datafield><datafield ind1="1" ind2=" " tag="100"><subfield code="a">Palacios, Julio</subfield></datafield><datafield ind1="1" ind2="0" tag="245"><subfield code="a">Analyse dimensionnelle</subfield><subfield code="b">Traduit de l'Espagnol par Jean Prevot</subfield><subfield code="c">Julio Palacios</subfield></datafield><datafield ind1=" " ind2=" " tag="260"><subfield code="a">Paris</subfield><subfield code="b">Gauthier-Villars,</subfield><subfield code="c">1960</subfield></datafield><datafield ind1=" " ind2=" " tag="300"><subfield code="a">206p</subfield></datafield><datafield ind1=" " ind2=" " tag="852"><subfield code="a">16722</subfield><subfield code="c">531.7</subfield></datafield><datafield ind1=" " ind2=" " tag="CAT"><subfield code="a">Sys</subfield><subfield code="c">20100709</subfield><subfield code="h">102023</subfield></datafield></record></collection>